@article{rayleigh,
title = {Rayleigh-Kriterium},
 url={https://de.wikipedia.org/wiki/Rayleigh-Kriteriumâ€Ž},
  year={14. Oktober 2013},
  publisher={Wikipedia Foundation}
}

@article{doppelsterne,
  title={Doppelsterne},
  author={Wulff Dieter Heintz},
  year={1971},
  publisher={Wilhelm Goldmann Verlag}
}